------------------------------------%
% --  BIBLIOGRAPHY: Price Project  --%
%------------------------------------%



%% -- Nowcasting Articles -- %%

@article{MarianoMurasawa2003,
	  	author = "Roberto S. Mariano and Yasutomo Murasawa",
	  	year = "2003",
	  	title = "A New Coincident Index of Business Cycles Based on Monthly and Quarterly Series",
	  	journal = "Journal of Applied Econometrics",
	  	volume = "18(4)",
	  	pages = "427--443"
		}
	

@article{DozGiannoneReichlin2011,
	author = "Catherine Doz and Domenico Giannone and Lucrezia Reichlin",
	year = "2011",
	title = "A two-step estimator for large approximate dynamic factor models based on Kalman filtering",
	journal = "Journal of Econometrics",
	volume = "164",
	pages = "188--205"
}
		
@article{AntolinDiazDrechselPetrella2016,
	author = "Juan Antolin-Diaz and Thomas Drechsel and Ivan Petrella",
	year = "2016",
	journal = "Review of Economics and Statistics",
	note     = "Forthcoming"
	}

@book{Harvey1989,
	author    = "Andrew C. Harvey",
	title     = "Forecasting, structural time series models and the Kalman filter",
	year      = "1989",
	publisher = "Cambridge Press"
	}

@book{DurbinKoopman2012,
	author    = "J. Durbin and S. J. Koopman",
	title     = "Time Series Analysis by State Space Methods",
	year      = "2012",
	publisher = "Oxford University Press",
	edition   = "second edition"
	}
	
	


%-----------------------------------%
% Books
%-----------------------------------%

@book{ONS2014,
	author		= "ONS",
	title		= "Consumer Price Indices: Technical Manual",
	year		= 2014,
	month		= "January",
	publisher	= "Office for National Statistics",
	edition		= "2014"
	}

@book{cochran1977,
    author    = "William G. Cochran",
    title     = "Sampling Techniques",
    year      = "1977",
    publisher = "Addison-Wesley",
    address   = "Reading, Massachusetts",
    edition   = "third edition"
}
    %volume   = "",
    %number   = "",
    %series   = "",
    %address  = "",
    %month    = "",
    %note     = "",
